<?xml version="1.0" encoding="UTF-8"?><collection xmlns="http://www.loc.gov/MARC21/slim"><record><leader>00399nam--2200133-i-4500</leader><controlfield tag="001">000043749</controlfield><controlfield tag="002">20161230</controlfield><controlfield tag="005">20161230201044</controlfield><controlfield tag="008">060222s1000------------r-----000-0-eng-d</controlfield><datafield ind1=" " ind2=" " tag="245"><subfield code="a">Verstarker und empfanger. bearbeitet von ... zweite verbesserte auflage</subfield></datafield><datafield ind1=" " ind2=" " tag="260"><subfield code="a">Berlin, Springer-verlag, 1951, Xv+442p</subfield></datafield><datafield ind1=" " ind2=" " tag="490"><subfield code="a">Lerbuch Der Drahtlosen Nachrichtentechnik</subfield></datafield><datafield ind1=" " ind2=" " tag="700"><subfield code="a">Strutt,M.J.O</subfield></datafield><datafield ind1=" " ind2=" " tag="852"><subfield code="a">360</subfield></datafield></record></collection>